<?xml version="1.0" encoding="UTF-8"?><collection xmlns="http://www.loc.gov/MARC21/slim"><record><leader>00503nam--2200181-i-4500</leader><controlfield tag="001">000040321</controlfield><controlfield tag="002">20161230</controlfield><controlfield tag="005">20161230201042</controlfield><controlfield tag="008">060222s1000------------r-----000-0-eng-d</controlfield><datafield ind1=" " ind2=" " tag="040"><subfield code="a">IFIN-HH</subfield></datafield><datafield ind1=" " ind2=" " tag="080"><subfield code="a">804.0:801.5</subfield></datafield><datafield ind1="1" ind2=" " tag="100"><subfield code="a">Saras,Marcel</subfield></datafield><datafield ind1="1" ind2="0" tag="245"><subfield code="a">Gramatica limbii franceze prin exercitii structurale</subfield><subfield code="c">Marcel saras, mihai stefanescu</subfield></datafield><datafield ind1=" " ind2=" " tag="260"><subfield code="a">Bucuresti</subfield><subfield code="b">Editura Stiintifica</subfield><subfield code="c">1972</subfield></datafield><datafield ind1=" " ind2=" " tag="300"><subfield code="a">358 P</subfield></datafield><datafield ind1="1" ind2=" " tag="700"><subfield code="a">Stefanescu, Mihai</subfield></datafield><datafield ind1=" " ind2=" " tag="852"><subfield code="a">41437</subfield><subfield code="c">4</subfield></datafield><datafield ind1=" " ind2=" " tag="CAT"><subfield code="a">Sys</subfield><subfield code="c">20130205</subfield><subfield code="h">124716</subfield></datafield></record></collection>